@book{sklar2001digital,
  author    = {B. Sklar},
  title     = {Digital Communications: Fundamentals and Applications},
  publisher = {Prentice Hall},
  year      = {2001}
}

@book{proakis2001digital,
  author    = {J. G. Proakis},
  title     = {Digital Communications},
  publisher = {McGraw-Hill},
  year      = {2001}
}

@book{anderson1995fsk,
  author    = {J. B. Anderson},
  title     = {Digital Transmission Engineering},
  publisher = {Wiley},
  year      = {1995}
}

@book{feher1983wireless,
  author    = {K. Feher},
  title     = {Wireless Digital Communications: Modulation and Spread Spectrum Applications},
  publisher = {Prentice Hall},
  year      = {1983}
}

@article{golomb1961barker,
  author  = {S. W. Golomb and R. A. Scholtz},
  title   = {Barker Sequences},
  journal = {IEEE Transactions on Information Theory},
  volume  = {7},
  number  = {3},
  pages   = {178--182},
  year    = {1961}
}

@article{turin1974barker,
  author  = {G. L. Turin},
  title   = {An Introduction to Matched Filters},
  journal = {IEEE Transactions on Information Theory},
  volume  = {6},
  number  = {3},
  pages   = {311--329},
  year    = {1974}
}

@misc{kristof2020,
  author = {T. Krist√≥f},
  title = {fecmagic},
  year = {2020},
  howpublished = {GitHub},
  url = {https://github.com/Venemo/fecmagic},
  commit = {e4080eaba49d09e3e10f520feb2baa61b2787396}
}

@misc{lilygo2024,
  author = {L. He and GitHub Contributors},
  title = {T-TWR},
  year = {2020},
  howpublished = {GitHub},
  url = {https://github.com/Xinyuan-LilyGO/T-TWR},
  commit = {1b8b328bc869da74f30a916a0db5028c74d17a8f}
}